@manual{ifmg:2020:manual,
  author      = {{Instituto Federal de Educação, Ciência e Tecnologia de Minas Gerais (IFMG)}},
  shortauthor = {IFMG},
  title       = {Manual de normalização de trabalhos acadêmicos},
  address     = {Belo Horizonte},
  year        = {2020},
}

@online{wikipedia:2011:america_sul,
  author  = {Wikipédia},
  title   = {América do Sul},
  url     = {https://pt.wikipedia.org/wiki/América_do_Sul},
  urldate = {2020-03-29},
  year    = {2011},
}

@legislation{ifmg:2021:tcc,
  author      = {{Instituto Federal de Educação, Ciência e Tecnologia de Minas Gerais (IFMG)}},
  shortauthor = {IFMG},
  title      = {Resolução n. 7, de 17 de agosto de 2021},
  titleaddon = {Dispõe sobre o regulamento geral de TCC dos cursos de Graduação do IFMG -- \textit{Campus} Bambuí},
  location   = {Bambuí},
  year       = {2021},
  url        = {https://www.bambui.ifmg.edu.br/portal/images/PDF/2021/Regulamentos_2021/SEI_IFMG_-_0923843_-_Resolução.pdf},
  urldate    = {2024-03-22},
}

@online{ribeiro:2024:iftex,
  author   = {Marcos Roberto Ribeiro},
  title    = {\iftex},
  subtitle = {Classe LaTeX para Trabalhos Acadêmicos do IFMG modelo 2024},
  url      = {https://github.com/ribeiromarcos/iftex2024},
  year     = {2024},
}

@online{ribeiro:2023:latex,
  author   = {Marcos Roberto Ribeiro},
  title    = {Escrevendo TCC com \LaTeX},
  url      = {https://sites.ifmg.edu.br/ribeiro/files},
  year     = {2024},
}
